% http://zapadpribor.com/ua/vit-1/
% http://standart-m.com.ua/izmeritelnye-pribory/psihrometry-gigrometry/termogigrometr-testo-605/?mova=uk
